[gd_scene load_steps=6 format=2]

[ext_resource path="res://base_scene.tscn" type="PackedScene" id=1]
[ext_resource path="res://how_many_players.gd" type="Script" id=2]
[ext_resource path="res://assets/button_theme.tres" type="Theme" id=3]

[sub_resource type="DynamicFontData" id=1]

hinting = 2
font_path = "res://assets/fonts/DIABLO_L.TTF"

[sub_resource type="DynamicFont" id=2]

size = 25
use_mipmaps = false
use_filter = false
font_data = SubResource( 1 )
_sections_unfolded = [ "Font", "Resource", "Settings" ]

[node name="Control" index="0" instance=ExtResource( 1 )]

script = ExtResource( 2 )

[node name="MarginContainer" type="MarginContainer" parent="." index="1"]

anchor_left = 0.0
anchor_top = 0.0
anchor_right = 0.0
anchor_bottom = 0.0
margin_right = 360.0
margin_bottom = 740.0
rect_pivot_offset = Vector2( 0, 0 )
rect_clip_content = false
mouse_filter = 0
mouse_default_cursor_shape = 0
size_flags_horizontal = 3
size_flags_vertical = 3
custom_constants/margin_right = 25
custom_constants/margin_top = 25
custom_constants/margin_left = 25
custom_constants/margin_bottom = 25
_sections_unfolded = [ "Anchor", "Grow Direction", "Margin" ]

[node name="VBoxContainer" type="VBoxContainer" parent="MarginContainer" index="0"]

anchor_left = 0.0
anchor_top = 0.0
anchor_right = 0.0
anchor_bottom = 0.0
margin_left = 25.0
margin_top = 25.0
margin_right = 335.0
margin_bottom = 715.0
rect_pivot_offset = Vector2( 0, 0 )
rect_clip_content = false
mouse_filter = 1
mouse_default_cursor_shape = 0
size_flags_horizontal = 1
size_flags_vertical = 1
custom_constants/separation = 15
alignment = 0

[node name="Label" type="Label" parent="MarginContainer/VBoxContainer" index="0"]

anchor_left = 0.0
anchor_top = 0.0
anchor_right = 0.0
anchor_bottom = 0.0
margin_right = 310.0
margin_bottom = 28.0
rect_pivot_offset = Vector2( 0, 0 )
rect_clip_content = false
mouse_filter = 2
mouse_default_cursor_shape = 0
size_flags_horizontal = 1
size_flags_vertical = 1
custom_fonts/font = SubResource( 2 )
custom_colors/font_color = Color( 0.94902, 0.835294, 0.678431, 1 )
text = "How many players?"
align = 1
valign = 1
percent_visible = 1.0
lines_skipped = 0
max_lines_visible = -1
_sections_unfolded = [ "custom_colors", "custom_fonts" ]

[node name="GridContainer" type="GridContainer" parent="MarginContainer/VBoxContainer" index="1"]

editor/display_folded = true
anchor_left = 0.0
anchor_top = 0.0
anchor_right = 0.0
anchor_bottom = 0.0
margin_top = 43.0
margin_right = 310.0
margin_bottom = 595.0
rect_pivot_offset = Vector2( 0, 0 )
rect_clip_content = false
mouse_filter = 1
mouse_default_cursor_shape = 0
size_flags_horizontal = 1
size_flags_vertical = 3
custom_constants/vseparation = 15
custom_constants/hseparation = 15
columns = 3
_sections_unfolded = [ "custom_constants" ]

[node name="Button" type="Button" parent="MarginContainer/VBoxContainer/GridContainer" index="0"]

anchor_left = 0.0
anchor_top = 0.0
anchor_right = 0.0
anchor_bottom = 0.0
margin_right = 93.0
margin_bottom = 126.0
rect_pivot_offset = Vector2( 0, 0 )
rect_clip_content = false
focus_mode = 2
mouse_filter = 0
mouse_default_cursor_shape = 0
size_flags_horizontal = 3
size_flags_vertical = 3
theme = ExtResource( 3 )
toggle_mode = true
enabled_focus_mode = 2
shortcut = null
group = null
text = "2"
flat = false
align = 1
_sections_unfolded = [ "custom_fonts", "custom_styles" ]

[node name="Button2" type="Button" parent="MarginContainer/VBoxContainer/GridContainer" index="1"]

anchor_left = 0.0
anchor_top = 0.0
anchor_right = 0.0
anchor_bottom = 0.0
margin_left = 108.0
margin_right = 201.0
margin_bottom = 126.0
rect_pivot_offset = Vector2( 0, 0 )
rect_clip_content = false
focus_mode = 2
mouse_filter = 0
mouse_default_cursor_shape = 0
size_flags_horizontal = 3
size_flags_vertical = 3
theme = ExtResource( 3 )
toggle_mode = true
enabled_focus_mode = 2
shortcut = null
group = null
text = "3"
flat = false
align = 1
_sections_unfolded = [ "custom_fonts" ]

[node name="Button3" type="Button" parent="MarginContainer/VBoxContainer/GridContainer" index="2"]

anchor_left = 0.0
anchor_top = 0.0
anchor_right = 0.0
anchor_bottom = 0.0
margin_left = 216.0
margin_right = 309.0
margin_bottom = 126.0
rect_pivot_offset = Vector2( 0, 0 )
rect_clip_content = false
focus_mode = 2
mouse_filter = 0
mouse_default_cursor_shape = 0
size_flags_horizontal = 3
size_flags_vertical = 3
theme = ExtResource( 3 )
toggle_mode = true
enabled_focus_mode = 2
shortcut = null
group = null
text = "4"
flat = false
align = 1
_sections_unfolded = [ "Theme" ]

[node name="Button4" type="Button" parent="MarginContainer/VBoxContainer/GridContainer" index="3"]

anchor_left = 0.0
anchor_top = 0.0
anchor_right = 0.0
anchor_bottom = 0.0
margin_top = 141.0
margin_right = 93.0
margin_bottom = 267.0
rect_pivot_offset = Vector2( 0, 0 )
rect_clip_content = false
focus_mode = 2
mouse_filter = 0
mouse_default_cursor_shape = 0
size_flags_horizontal = 3
size_flags_vertical = 3
theme = ExtResource( 3 )
toggle_mode = true
enabled_focus_mode = 2
shortcut = null
group = null
text = "5"
flat = false
align = 1

[node name="Button5" type="Button" parent="MarginContainer/VBoxContainer/GridContainer" index="4"]

anchor_left = 0.0
anchor_top = 0.0
anchor_right = 0.0
anchor_bottom = 0.0
margin_left = 108.0
margin_top = 141.0
margin_right = 201.0
margin_bottom = 267.0
rect_pivot_offset = Vector2( 0, 0 )
rect_clip_content = false
focus_mode = 2
mouse_filter = 0
mouse_default_cursor_shape = 0
size_flags_horizontal = 3
size_flags_vertical = 3
theme = ExtResource( 3 )
toggle_mode = true
enabled_focus_mode = 2
shortcut = null
group = null
text = "6"
flat = false
align = 1

[node name="Button6" type="Button" parent="MarginContainer/VBoxContainer/GridContainer" index="5"]

anchor_left = 0.0
anchor_top = 0.0
anchor_right = 0.0
anchor_bottom = 0.0
margin_left = 216.0
margin_top = 141.0
margin_right = 309.0
margin_bottom = 267.0
rect_pivot_offset = Vector2( 0, 0 )
rect_clip_content = false
focus_mode = 2
mouse_filter = 0
mouse_default_cursor_shape = 0
size_flags_horizontal = 3
size_flags_vertical = 3
theme = ExtResource( 3 )
toggle_mode = true
enabled_focus_mode = 2
shortcut = null
group = null
text = "7"
flat = false
align = 1

[node name="Button7" type="Button" parent="MarginContainer/VBoxContainer/GridContainer" index="6"]

anchor_left = 0.0
anchor_top = 0.0
anchor_right = 0.0
anchor_bottom = 0.0
margin_top = 282.0
margin_right = 93.0
margin_bottom = 408.0
rect_pivot_offset = Vector2( 0, 0 )
rect_clip_content = false
focus_mode = 2
mouse_filter = 0
mouse_default_cursor_shape = 0
size_flags_horizontal = 3
size_flags_vertical = 3
theme = ExtResource( 3 )
toggle_mode = true
enabled_focus_mode = 2
shortcut = null
group = null
text = "8"
flat = false
align = 1

[node name="Button8" type="Button" parent="MarginContainer/VBoxContainer/GridContainer" index="7"]

anchor_left = 0.0
anchor_top = 0.0
anchor_right = 0.0
anchor_bottom = 0.0
margin_left = 108.0
margin_top = 282.0
margin_right = 201.0
margin_bottom = 408.0
rect_pivot_offset = Vector2( 0, 0 )
rect_clip_content = false
focus_mode = 2
mouse_filter = 0
mouse_default_cursor_shape = 0
size_flags_horizontal = 3
size_flags_vertical = 3
theme = ExtResource( 3 )
toggle_mode = true
enabled_focus_mode = 2
shortcut = null
group = null
text = "9"
flat = false
align = 1

[node name="Button9" type="Button" parent="MarginContainer/VBoxContainer/GridContainer" index="8"]

anchor_left = 0.0
anchor_top = 0.0
anchor_right = 0.0
anchor_bottom = 0.0
margin_left = 216.0
margin_top = 282.0
margin_right = 309.0
margin_bottom = 408.0
rect_pivot_offset = Vector2( 0, 0 )
rect_clip_content = false
focus_mode = 2
mouse_filter = 0
mouse_default_cursor_shape = 0
size_flags_horizontal = 3
size_flags_vertical = 3
theme = ExtResource( 3 )
toggle_mode = true
enabled_focus_mode = 2
shortcut = null
group = null
text = "10"
flat = false
align = 1

[node name="Button10" type="Button" parent="MarginContainer/VBoxContainer/GridContainer" index="9"]

anchor_left = 0.0
anchor_top = 0.0
anchor_right = 0.0
anchor_bottom = 0.0
margin_top = 423.0
margin_right = 93.0
margin_bottom = 549.0
rect_pivot_offset = Vector2( 0, 0 )
rect_clip_content = false
focus_mode = 2
mouse_filter = 0
mouse_default_cursor_shape = 0
size_flags_horizontal = 3
size_flags_vertical = 3
theme = ExtResource( 3 )
toggle_mode = true
enabled_focus_mode = 2
shortcut = null
group = null
text = "11"
flat = false
align = 1

[node name="Button11" type="Button" parent="MarginContainer/VBoxContainer/GridContainer" index="10"]

anchor_left = 0.0
anchor_top = 0.0
anchor_right = 0.0
anchor_bottom = 0.0
margin_left = 108.0
margin_top = 423.0
margin_right = 201.0
margin_bottom = 549.0
rect_pivot_offset = Vector2( 0, 0 )
rect_clip_content = false
focus_mode = 2
mouse_filter = 0
mouse_default_cursor_shape = 0
size_flags_horizontal = 3
size_flags_vertical = 3
theme = ExtResource( 3 )
toggle_mode = true
enabled_focus_mode = 2
shortcut = null
group = null
text = "12"
flat = false
align = 1

[node name="Button12" type="Button" parent="MarginContainer/VBoxContainer/GridContainer" index="11"]

anchor_left = 0.0
anchor_top = 0.0
anchor_right = 0.0
anchor_bottom = 0.0
margin_left = 216.0
margin_top = 423.0
margin_right = 309.0
margin_bottom = 549.0
rect_pivot_offset = Vector2( 0, 0 )
rect_clip_content = false
focus_mode = 2
mouse_filter = 0
mouse_default_cursor_shape = 0
size_flags_horizontal = 3
size_flags_vertical = 3
theme = ExtResource( 3 )
toggle_mode = true
enabled_focus_mode = 2
shortcut = null
group = null
text = "13"
flat = false
align = 1

[node name="Button" type="Button" parent="MarginContainer/VBoxContainer" index="2"]

anchor_left = 0.0
anchor_top = 0.0
anchor_right = 0.0
anchor_bottom = 0.0
margin_top = 610.0
margin_right = 310.0
margin_bottom = 690.0
rect_min_size = Vector2( 0, 80 )
rect_pivot_offset = Vector2( 0, 0 )
rect_clip_content = false
focus_mode = 2
mouse_filter = 0
mouse_default_cursor_shape = 0
size_flags_horizontal = 1
size_flags_vertical = 1
theme = ExtResource( 3 )
toggle_mode = false
enabled_focus_mode = 2
shortcut = null
group = null
text = "START GAME"
flat = false
align = 1
_sections_unfolded = [ "Rect", "Theme", "custom_colors", "custom_constants", "custom_fonts", "custom_styles" ]

[connection signal="pressed" from="MarginContainer/VBoxContainer/Button" to="." method="_on_start_pressed"]


